@article{cahill2007,
  title={Modeling climate and climate change impacts on wine grape yields in California},
  author={Cahill, Kimberly Nicholas and Lobell, David B and Field, Christopher B and Bonfils, Celine and Hayhoe, Katharine},
  journal={American Journal of Enology and Viticulture},
  volume={58},
  number={3},
  pages={414A--414A},
  year={2007}
}

@article{nemani2001,
  title={Asymmetric warming over coastal California and its impact on the premium wine industry},
  author={Nemani, Ramakrishna R and White, Michael A and Cayan, Daniel R and Jones, Gregory V and Running, Steven W and Coughlan, Joseph C and Peterson, David L},
  journal={Climate research},
  volume={19},
  number={1},
  pages={25--34},
  year={2001}
}

@incollection{alston2018,
  author      = {Alston, Julian M and Lapsley, James T and Sambucci, Olena},
  title       = {Grape and Wine Production in California},
  booktitle   = {California Agriculture: Dimensions and Issues},
  year        = {2018},
  pages       = {1--28},
  chapter     = {8}
}

@misc{usda2019, 
      title = {USDA Grape Crush Reports Listing}, 
      author = {USDA},
      url = {https://www.nass.usda.gov/Statistics_by_State/California/Publications/Specialty_and_Other_Releases/Grapes/Crush/Reports/index.php}, 
      institution = {United States Department of Agriculture}, 
      year = {2019}, 
      month = {Aug}
}

@article{steenwerth2015,
  title={Life cycle greenhouse gas, energy, and water assessment of wine grape production in California},
  author={Steenwerth, Kerri L and Strong, Emma B and Greenhut, Rachel F and Williams, Larry and Kendall, Alissa},
  journal={The International Journal of Life Cycle Assessment},
  volume={20},
  number={9},
  pages={1243--1253},
  year={2015},
  publisher={Springer}
}

@article{white2006,
  title={Extreme heat reduces and shifts United States premium wine production in the 21st century},
  author={White, Michael A and Diffenbaugh, NS and Jones, Gregory V and Pal, JS and Giorgi, F},
  journal={Proceedings of the National Academy of Sciences},
  volume={103},
  number={30},
  pages={11217--11222},
  year={2006},
  publisher={National Acad Sciences}
}

@article{jones2007,
  title={Climate change: observations, projections, and general implications for viticulture and wine production},
  author={Jones, Gregory V},
  journal={Economics Department-working paper},
  volume={7},
  pages={14},
  year={2007}
}

@article{jones2008,
  title={Influence of climate variability on wine regions in the western USA and on wine quality in the Napa Valley},
  author={Jones, Gregory V and Goodrich, Gregory B},
  journal={Climate Research},
  volume={35},
  number={3},
  pages={241--254},
  year={2008}
}